=== POLYMARKET WEBSOCKET DEBUG LOG ===
Start Time: 2025-06-23T23:38:35.327433
Slug: default-polymarket-subscription
Token IDs: ['75505728818237076147318796536066812362152358606307154083407489467059230821371', '67369669271127885658944531351746308398542291270457462650056001798232262328240']
WebSocket URL: wss://ws-subscriptions-clob.polymarket.com/ws/market
==================================================

[2025-06-23T23:38:35.327607] INIT: PolymarketClient initialized - slug=default-polymarket-subscription, tokens=2, ws_url=wss://ws-subscriptions-clob.polymarket.com/ws/market
[2025-06-23T23:38:35.327922] CONNECT: Attempting connection to wss://ws-subscriptions-clob.polymarket.com/ws/market
[2025-06-23T23:38:35.852169] CONNECT: WebSocket connection established successfully
[2025-06-23T23:38:35.852505] OUT: SUBSCRIPTION: {"type": "MARKET", "assets_ids": ["75505728818237076147318796536066812362152358606307154083407489467059230821371", "67369669271127885658944531351746308398542291270457462650056001798232262328240"]}
[2025-06-23T23:38:35.853386] INFO: Subscribed to 2 assets: ['75505728818237076147318796536066812362152358606307154083407489467059230821371', '67369669271127885658944531351746308398542291270457462650056001798232262328240']
[2025-06-23T23:38:35.853449] CONNECT: Starting ping sender and message handler
[2025-06-23T23:38:35.853596] OUT: PING: {"type": "ping"}
[2025-06-23T23:38:36.090852] IN: RAW_MESSAGE: [{"market":"0x1b6f76e5b8587ee896c35847e12d11e75290a8c3934c5952e8a9d6e4c6f03cfa","asset_id":"67369669271127885658944531351746308398542291270457462650056001798232262328240","timestamp":"1750747085956","hash":"a0e651ddac975539ea5d8ef220764e42c34c8eb4","bids":[{"price":"0.01","size":"5478.73"},{"price":"0.02","size":"10434.71"},{"price":"0.03","size":"600"},{"price":"0.04","size":"360"},{"price":"0.05","size":"1000"},{"price":"0.06","size":"500"},{"price":"0.07","size":"4568"},{"price":"0.2","size":"51.74"},{"price":"0.23","size":"100"},{"price":"0.25","size":"50"},{"price":"0.27","size":"5"},{"price":"0.29","size":"5555"},{"price":"0.3","size":"1576.4"},{"price":"0.31","size":"105"},{"price":"0.33","size":"2003.5"},{"price":"0.34","size":"200"},{"price":"0.35","size":"888.6"},{"price":"0.36","size":"561.26"},{"price":"0.37","size":"5250.6"},{"price":"0.38","size":"555"},{"price":"0.39","size":"1010"},{"price":"0.4","size":"577.16"},{"price":"0.41","size":"201"},{"price":"0.42","size":"1273.25"},{"price":"0.45","size":"25000"},{"price":"0.46","size":"4000"},{"price":"0.47","size":"100"},{"price":"0.48","size":"25005"},{"price":"0.49","size":"3700"},{"price":"0.5","size":"200"},{"price":"0.51","size":"45"},{"price":"0.53","size":"3783.4"},{"price":"0.54","size":"11"},{"price":"0.55","size":"380.09"},{"price":"0.56","size":"2500"},{"price":"0.57","size":"1570"},{"price":"0.58","size":"838.81"}],"asks":[{"price":"0.99","size":"430056.6"},{"price":"0.98","size":"244494"},{"price":"0.97","size":"80000"},{"price":"0.96","size":"50005"},{"price":"0.95","size":"40000"},{"price":"0.94","size":"6213"},{"price":"0.93","size":"12830"},{"price":"0.92","size":"10825"},{"price":"0.91","size":"15825"},{"price":"0.9","size":"11224.7"},{"price":"0.89","size":"825"},{"price":"0.88","size":"825"},{"price":"0.87","size":"25825"},{"price":"0.86","size":"70825"},{"price":"0.85","size":"40873.29"},{"price":"0.84","size":"50730"},{"price":"0.82","size":"44711.05"},{"price":"0.81","size":"19606.05"},{"price":"0.8","size":"42677.59"},{"price":"0.79","size":"14102.04"},{"price":"0.78","size":"33887.79"},{"price":"0.77","size":"19906.78"},{"price":"0.76","size":"35042.78"},{"price":"0.75","size":"3507.99"},{"price":"0.74","size":"11369.31"},{"price":"0.73","size":"27512.15"},{"price":"0.72","size":"15568.81"},{"price":"0.71","size":"12845.25"},{"price":"0.7","size":"19638.08"},{"price":"0.69","size":"5399.76"},{"price":"0.68","size":"1480"},{"price":"0.67","size":"27527.27"},{"price":"0.66","size":"5540"},{"price":"0.65","size":"4097"},{"price":"0.64","size":"1619.71"},{"price":"0.63","size":"3924.01"},{"price":"0.62","size":"482"},{"price":"0.61","size":"28"}],"event_type":"book"},{"market":"0x1b6f76e5b8587ee896c35847e12d11e75290a8c3934c5952e8a9d6e4c6f03cfa","asset_id":"75505728818237076147318796536066812362152358606307154083407489467059230821371","timestamp":"1750747085956","hash":"b73e2627369ce7d4fa425ce62de325fa3470e4b9","bids":[{"price":"0.01","size":"430056.6"},{"price":"0.02","size":"244494"},{"price":"0.03","size":"80000"},{"price":"0.04","size":"50005"},{"price":"0.05","size":"40000"},{"price":"0.06","size":"6213"},{"price":"0.07","size":"12830"},{"price":"0.08","size":"10825"},{"price":"0.09","size":"15825"},{"price":"0.1","size":"11224.7"},{"price":"0.11","size":"825"},{"price":"0.12","size":"825"},{"price":"0.13","size":"25825"},{"price":"0.14","size":"70825"},{"price":"0.15","size":"40873.29"},{"price":"0.16","size":"50730"},{"price":"0.18","size":"44711.05"},{"price":"0.19","size":"19606.05"},{"price":"0.2","size":"42677.59"},{"price":"0.21","size":"14102.04"},{"price":"0.22","size":"33887.79"},{"price":"0.23","size":"19906.78"},{"price":"0.24","size":"35042.78"},{"price":"0.25","size":"3507.99"},{"price":"0.26","size":"11369.31"},{"price":"0.27","size":"27512.15"},{"price":"0.28","size":"15568.81"},{"price":"0.29","size":"12845.25"},{"price":"0.3","size":"19638.08"},{"price":"0.31","size":"5399.76"},{"price":"0.32","size":"1480"},{"price":"0.33","size":"27527.27"},{"price":"0.34","size":"5540"},{"price":"0.35","size":"4097"},{"price":"0.36","size":"1619.71"},{"price":"0.37","size":"3924.01"},{"price":"0.38","size":"482"},{"price":"0.39","size":"28"}],"asks":[{"price":"0.99","size":"5478.73"},{"price":"0.98","size":"10434.71"},{"price":"0.97","size":"600"},{"price":"0.96","size":"360"},{"price":"0.95","size":"1000"},{"price":"0.94","size":"500"},{"price":"0.93","size":"4568"},{"price":"0.8","size":"51.74"},{"price":"0.77","size":"100"},{"price":"0.75","size":"50"},{"price":"0.73","size":"5"},{"price":"0.71","size":"5555"},{"price":"0.7","size":"1576.4"},{"price":"0.69","size":"105"},{"price":"0.67","size":"2003.5"},{"price":"0.66","size":"200"},{"price":"0.65","size":"888.6"},{"price":"0.64","size":"561.26"},{"price":"0.63","size":"5250.6"},{"price":"0.62","size":"555"},{"price":"0.61","size":"1010"},{"price":"0.6","size":"577.16"},{"price":"0.59","size":"201"},{"price":"0.58","size":"1273.25"},{"price":"0.55","size":"25000"},{"price":"0.54","size":"4000"},{"price":"0.53","size":"100"},{"price":"0.52","size":"25005"},{"price":"0.51","size":"3700"},{"price":"0.5","size":"200"},{"price":"0.49","size":"45"},{"price":"0.47","size":"3783.4"},{"price":"0.46","size":"11"},{"price":"0.45","size":"380.09"},{"price":"0.44","size":"2500"},{"price":"0.43","size":"1570"},{"price":"0.42","size":"838.81"}],"event_type":"book"}]

[2025-06-23T23:38:36.091431] IN: MARKET_DATA_ARRAY: 2 messages
[2025-06-23T23:38:36.091505] FORWARD: Forwarding message to queue processor
[2025-06-23T23:38:36.091642] IN: RAW_MESSAGE: PONG
[2025-06-23T23:38:36.091706] IN: PONG: Simple PONG received
[2025-06-23T23:38:53.188105] IN: RAW_MESSAGE: [{"asset_id":"75505728818237076147318796536066812362152358606307154083407489467059230821371","changes":[{"price":"0.38","side":"BUY","size":"687"}],"event_type":"price_change","hash":"887576d678791f00dcd221ac7b09fcae8ee08954","market":"0x1b6f76e5b8587ee896c35847e12d11e75290a8c3934c5952e8a9d6e4c6f03cfa","timestamp":"1750747133004"},{"asset_id":"67369669271127885658944531351746308398542291270457462650056001798232262328240","changes":[{"price":"0.62","side":"SELL","size":"687"}],"event_type":"price_change","hash":"b0413c0dd19ab62d700206ebc3ff502f700772de","market":"0x1b6f76e5b8587ee896c35847e12d11e75290a8c3934c5952e8a9d6e4c6f03cfa","timestamp":"1750747133004"}]
[2025-06-23T23:38:53.188932] IN: MARKET_DATA_ARRAY: 2 messages
[2025-06-23T23:38:53.189223] FORWARD: Forwarding message to queue processor
[2025-06-23T23:38:53.717546] IN: RAW_MESSAGE: [{"asset_id":"67369669271127885658944531351746308398542291270457462650056001798232262328240","changes":[{"price":"0.58","side":"BUY","size":"1041.81"}],"event_type":"price_change","hash":"f53deb9e819d79b280bebecd2fc6c30eee17c1f7","market":"0x1b6f76e5b8587ee896c35847e12d11e75290a8c3934c5952e8a9d6e4c6f03cfa","timestamp":"1750747133338"},{"asset_id":"75505728818237076147318796536066812362152358606307154083407489467059230821371","changes":[{"price":"0.42","side":"SELL","size":"1041.81"}],"event_type":"price_change","hash":"95f8fa822ba6255760bd6859b82aabc9d66c967c","market":"0x1b6f76e5b8587ee896c35847e12d11e75290a8c3934c5952e8a9d6e4c6f03cfa","timestamp":"1750747133338"}]
[2025-06-23T23:38:53.719749] IN: MARKET_DATA_ARRAY: 2 messages
[2025-06-23T23:38:53.719996] FORWARD: Forwarding message to queue processor
[2025-06-23T23:39:05.855593] OUT: PING: {"type": "ping"}
